<record><leader>00000cas a2200000 a 4500</leader><controlfield tag="001">3780475</controlfield><controlfield tag="008">780405d19721980couwr ne      0   a0eng c</controlfield><datafield ind1=" " ind2=" " tag="010"><subfield code="a">sn 90051901 </subfield></datafield><datafield ind1=" " ind2=" " tag="040"><subfield code="a">COA</subfield><subfield code="b">eng</subfield><subfield code="c">COA</subfield><subfield code="d">MUL</subfield><subfield code="d">CNQ</subfield><subfield code="d">CNW</subfield><subfield code="d">EYM</subfield><subfield code="d">CNW</subfield><subfield code="d">CVF</subfield><subfield code="d">NYS</subfield><subfield code="d">OCLCQ</subfield><subfield code="d">OCLCO</subfield><subfield code="d">OCLCF</subfield></datafield><datafield ind1="1" ind2=" " tag="029"><subfield code="a">AU@</subfield><subfield code="b">000020607798</subfield></datafield><datafield ind1=" " ind2=" " tag="042"><subfield code="a">pcc</subfield></datafield><datafield ind1=" " ind2=" " tag="043"><subfield code="a">n-us-co</subfield></datafield><datafield ind1=" " ind2=" " tag="090"><subfield code="a">AN3</subfield><subfield code="b">.S72</subfield></datafield><datafield ind1="0" ind2="4" tag="245"><subfield code="a">The Straight Creek journal.</subfield></datafield><datafield ind1=" " ind2=" " tag="260"><subfield code="a">Denver, Colo. :</subfield><subfield code="b">Community Free School Inc.,</subfield><subfield code="c">1972-1980.</subfield></datafield><datafield ind1=" " ind2=" " tag="300"><subfield code="a">9 v.</subfield></datafield><datafield ind1=" " ind2=" " tag="310"><subfield code="a">Weekly</subfield></datafield><datafield ind1="0" ind2=" " tag="362"><subfield code="a">Vol. 1, no. 1, issue 1 (Feb. 10, 1972)-v. 9, no. 32 (Aug. 7, 1980).</subfield></datafield><datafield ind1=" " ind2="0" tag="650"><subfield code="a">Underground press publications</subfield><subfield code="z">Colorado</subfield><subfield code="z">Denver.</subfield></datafield><datafield ind1=" " ind2="0" tag="651"><subfield code="a">Boulder (Colo.)</subfield><subfield code="v">Newspapers.</subfield></datafield><datafield ind1=" " ind2="0" tag="651"><subfield code="a">Denver (Colo.)</subfield><subfield code="v">Newspapers.</subfield></datafield><datafield ind1=" " ind2="7" tag="655"><subfield code="a">Newspapers.</subfield><subfield code="2">fast</subfield><subfield code="0">(OCoLC)fst01423814</subfield></datafield><datafield ind1=" " ind2="7" tag="650"><subfield code="a">Underground press publications.</subfield><subfield code="2">fast</subfield><subfield code="0">(OCoLC)fst01160984</subfield></datafield><datafield ind1=" " ind2="7" tag="651"><subfield code="a">Colorado</subfield><subfield code="z">Boulder.</subfield><subfield code="2">fast</subfield><subfield code="0">(OCoLC)fst01206092</subfield></datafield><datafield ind1=" " ind2="7" tag="651"><subfield code="a">Colorado</subfield><subfield code="z">Denver.</subfield><subfield code="2">fast</subfield><subfield code="0">(OCoLC)fst01205192</subfield></datafield><datafield ind1=" " ind2=" " tag="752"><subfield code="a">United States</subfield><subfield code="b">Colorado</subfield><subfield code="c">Denver</subfield><subfield code="d">Denver.</subfield></datafield><datafield ind1="0" ind2="4" tag="780"><subfield code="t">Boulder magazine (Boulder, Colo. : 1972)</subfield></datafield><datafield ind1="0" ind2="4" tag="780"><subfield code="t">Chinook (Denver, Colo.)</subfield><subfield code="w">(DLC)sn 94053325</subfield><subfield code="w">(OCoLC)2133541</subfield></datafield></record>